<record xmlns='http://www.loc.gov/MARC21/slim'><leader>01425cim a22002652u 4500</leader><controlfield tag='001'>3605332</controlfield><controlfield tag='005'>20151214183527.0</controlfield><controlfield tag='007'>ss|lmnjluz|nuu</controlfield><controlfield tag='008'>991101s1994    nyunnn         l    eng d</controlfield><datafield ind1=' ' ind2=' ' tag='035'><subfield code='a'>(NIC)notisASG2397</subfield></datafield><datafield ind1=' ' ind2=' ' tag='035'><subfield code='a'>3605332</subfield></datafield><datafield ind1=' ' ind2=' ' tag='035'><subfield code='a'>(OCoLC)63904447</subfield></datafield><datafield ind1=' ' ind2=' ' tag='040'><subfield code='a'>NIC</subfield><subfield code='c'>NIC</subfield><subfield code='d'>NIC</subfield></datafield><datafield ind1='1' ind2=' ' tag='100'><subfield code='a'>Nasr, Seyyed Hossein.</subfield></datafield><datafield ind1='1' ind2='4' tag='245'><subfield code='a'>The hierarchy of Islamic arts</subfield><subfield code='h'>[sound recording]</subfield></datafield><datafield ind1=' ' ind2=' ' tag='260'><subfield code='c'>1994.</subfield></datafield><datafield ind1=' ' ind2=' ' tag='300'><subfield code='a'>2 sound cassettes (137 min.) :</subfield><subfield code='b'>analog, mono.</subfield></datafield><datafield ind1=' ' ind2=' ' tag='500'><subfield code='a'>Recorded in Ithaca, NY by Cornell University.</subfield></datafield><datafield ind1=' ' ind2=' ' tag='500'><subfield code='a'>Sponsored by: Near Eastern Studies, Department of,History of Art, Department of.</subfield></datafield><datafield ind1=' ' ind2=' ' tag='500'><subfield code='a'>Speaker(s): University Professor of Islamic Studies, George Washington University; Andrew D. White Professor-at-Large, Cornell.</subfield></datafield><datafield ind1=' ' ind2=' ' tag='518'><subfield code='a'>Lecture, September 22, 1994, 4:30pm, 374 Rockefeller Hall.</subfield></datafield><datafield ind1=' ' ind2=' ' tag='520'><subfield code='a'>In this second in a series of three lectures, Nasr first discusses the presence of calligraphy in Islamic art, as well as the extensive use of complex geometry in design.  He then introduces the topic of hierarchy in Islamic art, noting that, as in the West, architecture is preeminent, while art that is closest to the individual, such as clothing, is secondary.  He notes that Islamic architecture&apos;s primary function is to promote quiet or peace.</subfield></datafield><datafield ind1=' ' ind2='4' tag='830'><subfield code='a'>The philosophy and meaning of art in Islam.</subfield></datafield><datafield ind1='1' ind2=' ' tag='899'><subfield code='a'>CULectures</subfield></datafield><datafield ind1=' ' ind2=' ' tag='905'><subfield code='a'>20000508120000.0</subfield></datafield></record>